@book{uvm_book,
author = "Accellera", 
title = "Universal Verification Methodology (UVM) 1.2 User's Guide", 
year = "2015"}

@misc{sistenix,
title = "A basic tutorial of UVM", 
author = "Nelson Campos", 
url = "https://sistenix.com/basic_uvm.html"}